% biblio.bib
@Article{paper1,
  author =       {John Smith},
  title =        {A title},
  journal =      {A Journal},
  year =         {2010}
}
@Article{paper2,
  author =       {John Doe},
  title =        {A paper},
  journal =      {Another journal},
  year =         {2009}
}
@Article{paper3,
  author =       {Yuppie Networking},
  title =        {My paper},
  journal =      {The best journal},
  year =         {2000}
}